<?xml version="1.0" encoding="UTF-8"?>
<record>
  <leader>01374nam#a2200469zc#4500</leader>
  <controlfield tag="005">20221206183400.0</controlfield>
  <controlfield tag="007">cr#|||||||||||</controlfield>
  <controlfield tag="008">220803|2023####xx######o#####|||#|#0|e#c</controlfield>
  <controlfield tag="003">DE-605</controlfield>
  <controlfield tag="001">99371791018506441</controlfield>
  <datafield tag="016" ind1="7" ind2=" ">
    <subfield code="a">90569</subfield>
    <subfield code="2">XX-XxUND</subfield>
  </datafield>
  <datafield tag="020" ind1=" " ind2=" ">
    <subfield code="a">9781032282671</subfield>
  </datafield>
  <datafield tag="035" ind1=" " ind2=" ">
    <subfield code="a">(DE-605)HT021613847</subfield>
  </datafield>
  <datafield tag="040" ind1=" " ind2=" ">
    <subfield code="a">OAPEN Foundation</subfield>
    <subfield code="b">ger</subfield>
    <subfield code="c">82</subfield>
    <subfield code="d">DE-605</subfield>
  </datafield>
  <datafield tag="041" ind1=" " ind2=" ">
    <subfield code="a">0|e</subfield>
  </datafield>
  <datafield tag="100" ind1="1" ind2=" ">
    <subfield code="a">Wouters, Jelle J.P.</subfield>
    <subfield code="4">edt</subfield>
  </datafield>
  <datafield tag="245" ind1="1" ind2="0">
    <subfield code="a">Routledge Handbook of Highland Asia</subfield>
  </datafield>
  <datafield tag="264" ind1=" " ind2="1">
    <subfield code="b">Taylor and Francis</subfield>
    <subfield code="c">2023</subfield>
  </datafield>
  <datafield tag="300" ind1=" " ind2=" ">
    <subfield code="a">1 electronic resource (484 pages)</subfield>
  </datafield>
  <datafield tag="336" ind1=" " ind2=" ">
    <subfield code="b">txt</subfield>
  </datafield>
  <datafield tag="337" ind1=" " ind2=" ">
    <subfield code="b">c</subfield>
  </datafield>
  <datafield tag="338" ind1=" " ind2=" ">
    <subfield code="b">cr</subfield>
  </datafield>
  <datafield tag="035" ind1=" " ind2=" ">
    <subfield code="a">(hbzERes_OAPEN)90569</subfield>
  </datafield>
  <datafield tag="035" ind1=" " ind2=" ">
    <subfield code="a">(DE-599)HBZHT021613847</subfield>
  </datafield>
  <datafield tag="960" ind1="1" ind2=" ">
    <subfield code="i">OA</subfield>
  </datafield>
  <datafield tag="961" ind1=" " ind2=" ">
    <subfield code="a">10.4324/9780429345746</subfield>
  </datafield>
  <datafield tag="962" ind1=" " ind2=" ">
    <subfield code="e">ZDB-94-OAB</subfield>
  </datafield>
  <datafield tag="964" ind1="0" ind2="s">
    <subfield code="F">051</subfield>
    <subfield code="A">m|||||||</subfield>
  </datafield>
  <datafield tag="964" ind1="0" ind2="i">
    <subfield code="I">marc-FMT via MAB2MARC</subfield>
    <subfield code="F">FMT</subfield>
    <subfield code="A">BK</subfield>
  </datafield>
  <datafield tag="964" ind1="0" ind2="s">
    <subfield code="F">030</subfield>
    <subfield code="A">z||u|||||||17</subfield>
  </datafield>
  <datafield tag="964" ind1="0" ind2="s">
    <subfield code="F">050</subfield>
    <subfield code="A">||||||||g|||||</subfield>
  </datafield>
  <datafield tag="912" ind1=" " ind2=" ">
    <subfield code="a">ZDB-94-OAB</subfield>
  </datafield>
  <datafield tag="856" ind1="4" ind2="0">
    <subfield code="u">https://directory.doabooks.org/handle/20.500.12854/90569</subfield>
    <subfield code="z">DOAB: description of the publication</subfield>
    <subfield code="z">kostenfrei</subfield>
  </datafield>
  <datafield tag="700" ind1="1" ind2=" ">
    <subfield code="a">Heneise, Michael T.</subfield>
    <subfield code="4">edt</subfield>
  </datafield>
  <datafield tag="700" ind1="1" ind2=" ">
    <subfield code="a">Wouters, Jelle J.P.</subfield>
    <subfield code="4">oth</subfield>
  </datafield>
  <datafield tag="700" ind1="1" ind2=" ">
    <subfield code="a">Heneise, Michael T.</subfield>
    <subfield code="4">oth</subfield>
  </datafield>
  <datafield tag="650" ind1=" " ind2="4">
    <subfield code="a">Ethnic studies</subfield>
  </datafield>
  <datafield tag="650" ind1=" " ind2="4">
    <subfield code="a">Regional studies</subfield>
  </datafield>
  <datafield tag="653" ind1=" " ind2=" ">
    <subfield code="a">Ethnic studies</subfield>
  </datafield>
  <datafield tag="653" ind1=" " ind2=" ">
    <subfield code="a">Regional studies</subfield>
  </datafield>
  <datafield tag="506" ind1="0" ind2=" ">
    <subfield code="a">Open Access</subfield>
    <subfield code="f">Unrestricted online access</subfield>
    <subfield code="2">star</subfield>
  </datafield>
  <datafield tag="540" ind1=" " ind2=" ">
    <subfield code="a">All rights reserved</subfield>
  </datafield>
  <datafield tag="546" ind1=" " ind2=" ">
    <subfield code="a">English</subfield>
  </datafield>
  <datafield tag="MBD" ind1=" " ind2=" ">
    <subfield code="M">49HBZ_NETWORK</subfield>
    <subfield code="i">99371791018506441</subfield>
    <subfield code="n">HBZ Network</subfield>
  </datafield>
  <datafield tag="MBD" ind1=" " ind2=" ">
    <subfield code="M">49HBZ_BRIDGE_HSK</subfield>
    <subfield code="i">9932735707829</subfield>
    <subfield code="n">Bibliothek der Hochschule Koblenz</subfield>
  </datafield>
  <datafield tag="MNG" ind1=" " ind2=" ">
    <subfield code="c">System</subfield>
    <subfield code="f">HBZ</subfield>
    <subfield code="i">marc21</subfield>
    <subfield code="h">20221206183400.0</subfield>
    <subfield code="k">01</subfield>
    <subfield code="e">false</subfield>
    <subfield code="d">2022-12-06 19:36:34 Europe/Berlin</subfield>
    <subfield code="g">HT021613847</subfield>
    <subfield code="j">60</subfield>
    <subfield code="a">System</subfield>
    <subfield code="b">2022-11-30 09:32:39 Europe/Berlin</subfield>
  </datafield>
  <datafield tag="POR" ind1=" " ind2=" ">
    <subfield code="j">DOAB Directory of Open Access Books</subfield>
    <subfield code="x">System</subfield>
    <subfield code="a">53800421430006441</subfield>
    <subfield code="M">49HBZ_NETWORK</subfield>
    <subfield code="p">61737818980006441</subfield>
    <subfield code="q">DOAB - Directory of Open Access Books (ZDB-94-OAB)</subfield>
    <subfield code="c">static</subfield>
    <subfield code="B">Produktsigel: ZDB-94-OAB 
NZ Phase 1 - Wave 1: NZ-P2E
E-Book-Verfahren: oapen?</subfield>
    <subfield code="A">49HBZ_SIE</subfield>
    <subfield code="A">49HBZ_WUP</subfield>
    <subfield code="A">49HBZ_HHL</subfield>
    <subfield code="A">49HBZ_HSD</subfield>
    <subfield code="A">49HBZ_RTU</subfield>
    <subfield code="A">49HBZ_ZBS</subfield>
    <subfield code="A">49HBZ_THK</subfield>
    <subfield code="A">49HBZ_UBT</subfield>
    <subfield code="A">49HBZ_RUW</subfield>
    <subfield code="A">49HBZ_ZBM</subfield>
    <subfield code="A">49HBZ_FHM</subfield>
    <subfield code="A">49HBZ_ULM</subfield>
    <subfield code="A">49HBZ_UBO</subfield>
    <subfield code="A">49HBZ_PAD</subfield>
    <subfield code="A">49HBZ_DUE</subfield>
    <subfield code="A">49HBZ_FHA</subfield>
    <subfield code="A">49HBZ_ULB</subfield>
    <subfield code="A">49HBZ_UBA</subfield>
    <subfield code="A">49HBZ_UDE</subfield>
    <subfield code="A">49HBZ_HSN</subfield>
    <subfield code="A">49HBZ_UBD</subfield>
    <subfield code="A">49HBZ_FUH</subfield>
    <subfield code="A">49HBZ_FDO</subfield>
    <subfield code="y">2022-12-04 18:01:47 Europe/Berlin</subfield>
    <subfield code="w">2022-12-04 18:01:36 Europe/Berlin</subfield>
    <subfield code="D">https://eu04.alma.exlibrisgroup.com/view/uresolver/49HBZ_NETWORK/openurl?u.ignore_date_coverage=true&amp;portfolio_pid=53800421430006441&amp;Force_direct=true</subfield>
    <subfield code="v">System</subfield>
    <subfield code="z">2022-12-04 17:01:36</subfield>
    <subfield code="i">false</subfield>
    <subfield code="S">62737818970006441</subfield>
    <subfield code="d">https://hbz-network.userservices.exlibrisgroup.com/view/uresolver/49HBZ_NETWORK/openurl?u.ignore_date_coverage=true&amp;rft.mms_id=99371791018506441</subfield>
    <subfield code="b">Available</subfield>
    <subfield code="f">BOOK</subfield>
    <subfield code="e">https://directory.doabooks.org/handle/20.500.12854/90569</subfield>
    <subfield code="8">53800421430006441</subfield>
  </datafield>
  <datafield tag="H52" ind1="0" ind2=" ">
    <subfield code="b">R2001</subfield>
    <subfield code="c">UNASSIGNED</subfield>
    <subfield code="8">2213069980007829</subfield>
  </datafield>
  <datafield tag="HOL" ind1=" " ind2=" ">
    <subfield code="d">2023-02-23 18:28:44</subfield>
    <subfield code="8">2213069980007829</subfield>
    <subfield code="b">2023-02-23 18:28:44</subfield>
    <subfield code="M">49HBZ_BRIDGE_HSK</subfield>
    <subfield code="g">false</subfield>
    <subfield code="a">System</subfield>
    <subfield code="c">System</subfield>
  </datafield>
</record>
